@misc{nakamoto2008bitcoin,
  title={Bitcoin: A Peer-to-Peer Electronic Cash System},
  author={Nakamoto, Satoshi},
  year={2008},
  note={White Paper, \url{https://bitcoin.org/bitcoin.pdf}}
}


@article{fielding2000architectural,
  title={Architectural Styles and the Design of Network-based Software Architectures},
  author={Fielding, Roy Thomas},
  year={2000},
  journal={Doctoral dissertation, University of California, Irvine}
}

@article{singh2004survey,
  title={A Survey of Security Services over Open Networks},
  author={Singh, Gurvinder and Arora, Sandeep},
  journal={International Journal of Computer Science and Network Security},
  volume={4},
  number={2},
  pages={1--13},
  year={2004}
}

@article{zheng2018blockchain,
  title={Blockchain Challenges and Opportunities: A Survey},
  author={Zheng, Zibin and Xie, Shaoan and Dai, Hong-Ning and Chen, Xiangping and Wang, Huaimin},
  journal={International Journal of Web and Grid Services},
  volume={14},
  number={4},
  pages={352--375},
  year={2018},
  publisher={Inderscience Publishers}
}

@misc{sporny2019did,
  title={Decentralized Identifiers (DIDs) v0.11},
  author={Sporny, Manu and Reed, Drummond and Longley, David},
  year={2019},
  note={\url{https://w3c-ccg.github.io/did-spec/}}
}

@inproceedings{baldimtsi2013anonymous,
  title={Anonymous Credentials Light},
  author={Baldimtsi, Foteini and Lysyanskaya, Anna},
  booktitle={Proceedings of the 2013 ACM SIGSAC Conference on Computer \& Communications Security},
  pages={1087--1098},
  year={2013}
}

@article{tozny2017decentralized,
  title={Decentralized Identity Management Using Blockchain},
  author={Tozny, Isaac and others},
  year={2017},
  note={\url{https://d1wqtxts1xzle7.cloudfront.net/57523074/Decentralized_Identity_Management_Using_Blockchain-libre.pdf}}
}

@article{rivest1978method,
  title={A Method for Obtaining Digital Signatures and Public-Key Cryptosystems},
  author={Rivest, Ronald L and Shamir, Adi and Adleman, Leonard},
  journal={Communications of the ACM},
  volume={21},
  number={2},
  pages={120--126},
  year={1978},
  publisher={ACM}
}

@book{preukschat2020self,
  title={Self-Sovereign Identity: Decentralized Digital Identity and Verifiable Credentials},
  author={Preukschat, Alex and Reed, Drummond},
  year={2020},
  publisher={Manning Publications}
}

@article{paul2018blockchain,
  title={Blockchain Consensus Protocols in IoT Systems: A Survey},
  author={Paul, Arijit and others},
  journal={Journal of Network and Computer Applications},
  volume={123},
  pages={1--15},
  year={2018},
  publisher={Elsevier}
}

@misc{hamilton2015ethereum,
  title={Ethereum Development Tutorial},
  author={Hamilton, Jim},
  year={2015},
  note={\url{https://ethereum.org/en/developers/tutorials/}}
}

@misc{kazemi2018introduction,
  title={An Introduction to Ethereum and Smart Contracts: Security Risks and Recommendations},
  author={Kazemi, Amin},
  year={2018},
  note={\url{https://arxiv.org/abs/1802.03384}}
}

@book{antonopoulos2018mastering,
  title={Mastering Ethereum: Building Smart Contracts and DApps},
  author={Antonopoulos, Andreas M and Wood, Gavin},
  year={2018},
  publisher={O'Reilly Media}
}

@misc{swarm2016,
  title={Swarm: The Decentralized Storage and Communication System for Ethereum},
  author={Swarm Team},
  year={2016},
  note={\url{https://swarm-guide.readthedocs.io/en/latest/}}
}

@article{wang2019survey,
  title={A Survey on Consistency of Data in Distributed File Systems},
  author={Wang, Xi and Zhou, Chen and Yang, Fan and others},
  journal={IEEE Access},
  volume={7},
  pages={43676--43687},
  year={2019},
  publisher={IEEE}
}

@inproceedings{ben2014zerocash,
  title={Zerocash: Decentralized Anonymous Payments from Bitcoin},
  author={Ben-Sasson, Eli and Chiesa, Alessandro and Garman, Christina and Green, Matthew and Miers, Ian and Tromer, Eran and Virza, Madars},
  booktitle={2014 IEEE Symposium on Security and Privacy},
  pages={459--474},
  year={2014},
  organization={IEEE}
}

@book{mohanty2018ethereum,
  title={Ethereum for Architects and Developers: With Case Studies and Code Samples in Solidity},
  author={Mohanty, Debajani},
  year={2018},
  publisher={Apress}
}

@misc{maxwell2016confidential,
  title={Confidential Transactions},
  author={Maxwell, Gregory},
  year={2016},
  note={\url{https://people.xiph.org/~greg/confidential_values.txt}}
}

@misc{poon2016bitcoin,
  title={Bitcoin Lightning Network: Scalable Off-Chain Instant Payments},
  author={Poon, Joseph and Dryja, Thaddeus},
  year={2016},
  note={\url{https://lightning.network/lightning-network-paper.pdf}}
}

@inproceedings{moser2018empirical,
  title={An Empirical Analysis of Traceability in the Monero Blockchain},
  author={Moser, Malte and Eyal, Ittay and Sirer, Emin Gun},
  booktitle={Proceedings on Privacy Enhancing Technologies},
  volume={2018},
  pages={143--163},
  year={2018},
  organization={Sciendo}
}

@inproceedings{atzei2017survey,
  title={A Survey of Attacks on Ethereum Smart Contracts (SoK)},
  author={Atzei, Nicola and Bartoletti, Massimo and Cimoli, Tiziana},
  booktitle={Principles of Security and Trust},
  pages={164--186},
  year={2017},
  organization={Springer}
}

@inproceedings{luu2016making,
  title={Making Smart Contracts Smarter},
  author={Luu, Loi and Chu, Duc-Hiep and Olickel, Hrishi and Saxena, Prateek and Hobor, Aquinas},
  booktitle={Proceedings of the 2016 ACM SIGSAC Conference on Computer and Communications Security},
  pages={254--269},
  year={2016},
  organization={ACM}
}

@article{parizi2018empirical,
  title={An Empirical Study on the Adoption of Cryptocurrency Mobile Wallets: Security and Privacy Concerns},
  author={Parizi, Reza M and Dehghantanha, Ali and Choo, Kim-Kwang Raymond},
  journal={Computers \& Security},
  volume={80},
  pages={133--143},
  year={2019},
  publisher={Elsevier}
}

@article{shamir1979share,
  title={How to Share a Secret},
  author={Shamir, Adi},
  journal={Communications of the ACM},
  volume={22},
  number={11},
  pages={612--613},
  year={1979},
  publisher={ACM}
}

@misc{palatinus2013trezor,
  title={TREZOR: Secure Bitcoin Hardware Wallet},
  author={Palatinus, Marek},
  year={2013},
  note={\url{https://trezor.io/}}
}

@inproceedings{kosba2016hawk,
  title={Hawk: The Blockchain Model of Cryptography and Privacy-Preserving Smart Contracts},
  author={Kosba, Ahmed and others},
  booktitle={2016 IEEE Symposium on Security and Privacy},
  pages={839--858},
  year={2016},
  organization={IEEE}
}

@misc{back2014enabling,
  title={Enabling Blockchain Innovations with Pegged Sidechains},
  author={Back, Adam and Corallo, Matt and Dashjr, Luke and Friedenbach, Mark and Maxwell, Greg and Miller, Andrew and Poelstra, Andrew and Tim{\'o}n, Jorge and Wuille, Pieter},
  year={2014},
  note={\url{https://blockstream.com/sidechains.pdf}}
}

@misc{pundit2017plasma,
  title={Plasma: Scalable Autonomous Smart Contracts},
  author={Poon, Joseph and Buterin, Vitalik},
  year={2017},
  note={\url{https://plasma.io/plasma.pdf}}
}

@article{hardjono2019blockchain,
  title={Blockchain Universals and the Interoperability of Blockchain Systems},
  author={Hardjono, Thomas and Lipton, Alex Pentland and Pentland, Sandy},
  journal={arXiv preprint arXiv:1907.07235},
  year={2019}
}

@misc{eip20,
  title={ERC-20 Token Standard},
  author={Vogelsteller, Fabian and Buterin, Vitalik},
  year={2015},
  note={\url{https://eips.ethereum.org/EIPS/eip-20}}
}

@misc{eip721,
  title={ERC-721 Non-Fungible Token Standard},
  author={Entriken, William and Shirley, Dieter and Evans, Jacob and Sachs, Nastassia},
  year={2018},
  note={\url{https://eips.ethereum.org/EIPS/eip-721}}
}

@inproceedings{robinson2019user,
  title={User Experience of Smart Contract Development Tools},
  author={Robinson, Chris and others},
  booktitle={Proceedings of the 2019 CHI Conference on Human Factors in Computing Systems},
  pages={1--12},
  year={2019},
  organization={ACM}
}

@misc{hardman2019aries,
  title={Aries RFC 0001: Aries Interop Profile},
  author={Hardman, Stephen Curran and others},
  year={2019},
  note={\url{https://github.com/hyperledger/aries-rfcs/tree/main/concepts/0001-aries-interop-profile}}
}

@article{wang2021non,
  title={Non-Fungible Token (NFT): Overview, Evaluation, Opportunities and Challenges},
  author={Wang, Qijun and Li, Rong and Wang, Suyan and Chen, Shiwen},
  journal={arXiv preprint arXiv:2105.07447},
  year={2021}
}

@book{lindell2020secure,
  title={Secure Multiparty Computation},
  author={Lindell, Yehuda},
  year={2020},
  publisher={Morgan \& Claypool Publishers}
}

@misc{infura,
  title={Infura: Ethereum API Access},
  author={Infura},
  note={\url{https://infura.io/}}
}

@misc{soliditydocs,
  title={Solidity Documentation},
  author={Solidity Team},
  note={\url{https://docs.soliditylang.org/}}
}

@inproceedings{zyskind2015decentralizing,
  title={Decentralizing privacy: Using blockchain to protect personal data},
  author={Zyskind, Guy and Nathan, Oz and Pentland, Alex},
  booktitle={2015 IEEE Security and Privacy Workshops},
  pages={180--184},
  year={2015},
  organization={IEEE}
}

@misc{w3cdid,
  title={Decentralized Identifiers (DIDs) v1.0},
  author={World Wide Web Consortium},
  year={2021},
  note={\url{https://www.w3.org/TR/did-core/}}
}

@techreport{allen2017decentralized,
  title={Decentralized Public Key Infrastructure},
  author={Allen, Christopher and others},
  year={2017},
  institution={IETF}
}

@techreport{reed2016dkms,
  title={DKMS: Decentralized Key Management System},
  author={Reed, Drummond and others},
  year={2016},
  institution={Respect Network}
}

@misc{metamask,
  title={MetaMask},
  author={MetaMask},
  note={\url{https://metamask.io/}}
}

@misc{walletconnect,
  title={WalletConnect},
  author={WalletConnect},
  note={\url{https://walletconnect.org/}}
}

@article{bonneau2015sok,
  title={SoK: Research Perspectives and Challenges for Bitcoin and Cryptocurrencies},
  author={Bonneau, Joseph and Miller, Andrew and Clark, Jeremy and Narayanan, Arvind and Kroll, Joshua A and Felten, Edward W},
  booktitle={2015 IEEE Symposium on Security and Privacy},
  pages={104--121},
  year={2015},
  organization={IEEE}
}

@misc{ethersjs,
  title={Ethers.js: A Complete and Compact Library for Ethereum},
  author={Ethers.js},
  note={\url{https://docs.ethers.io/}}
}

@techreport{benet2014ipfs,
  title={IPFS - Content Addressed, Versioned, P2P File System},
  author={Benet, Juan},
  year={2014},
  institution={Protocol Labs},
  note={\url{https://ipfs.io/ipfs/QmR7GSQM93Cx5eAg6a6drXr1i4cQJH9dC1SVqqGcaFQpEh}}
}

@inproceedings{meiklejohn2013fistful,
  title={A Fistful of Bitcoins: Characterizing Payments Among Men with No Names},
  author={Meiklejohn, Sarah and Pomarole, Marjori and Jordan, Grant and Levchenko, Kirill and McCoy, Damon and Voelker, Geoffrey M and Savage, Stefan},
  booktitle={Proceedings of the 2013 Conference on Internet Measurement},
  pages={127--140},
  year={2013}
}

@article{ruffing2014coinshuffle,
  title={CoinShuffle: Practical Decentralized Coin Mixing for Bitcoin},
  author={Ruffing, Tim and Moreno-Sanchez, Pedro and Kate, Aniket},
  year={2014}
}

@misc{web3js,
  title={Web3.js: Ethereum JavaScript API},
  author={Web3.js},
  note={\url{https://web3js.readthedocs.io/}}
}

@article{wood2014ethereum,
  title={Ethereum: A Secure Decentralised Generalised Transaction Ledger},
  author={Wood, Gavin},
  year={2014},
  note={\url{https://ethereum.github.io/yellowpaper/paper.pdf}}
}

@article{tschorsch2016bitcoin,
  title={Bitcoin and Beyond: A Technical Survey on Decentralized Digital Currencies},
  author={Tschorsch, Florian and Scheuermann, Bj{\"o}rn},
  journal={IEEE Communications Surveys \& Tutorials},
  volume={18},
  number={3},
  pages={2084--2123},
  year={2016},
  publisher={IEEE}
}

@inproceedings{eskandari2018first,
  title={A First Look at the Usability of Bitcoin Key Management},
  author={Eskandari, Seunghyeon and Clark, Jeremy and Stobert, Elizabeth},
  booktitle={Financial Cryptography and Data Security},
  pages={465--478},
  year={2018},
  organization={Springer}
}

@inproceedings{croman2016scaling,
  title={On Scaling Decentralized Blockchains},
  author={Croman, Kyle and Decker, Christian and Eyal, Ittay and Gencer, Adem Efe and Juels, Ari and Kosba, Ahmed and Miller, Andrew and Saxena, Prateek and Shi, Elaine and Sirer, Emin Gun},
  booktitle={Financial Cryptography and Data Security},
  pages={106--125},
  year={2016},
  organization={Springer}
}

@inproceedings{bentov2014proof,
  title={Proof of Activity: Extending Bitcoin's Proof of Work via Proof of Stake},
  author={Bentov, Iddo and Lee, Charles and Mizrahi, Alex and Rosenfeld, Meni},
  booktitle={ACM SIGMETRICS Performance Evaluation Review},
  volume={42},
  number={3},
  pages={34--37},
  year={2014},
  organization={ACM}
}

@misc{w3cverifiable,
  title={Verifiable Credentials Data Model 1.0},
  author={World Wide Web Consortium},
  year={2019},
  note={\url{https://www.w3.org/TR/vc-data-model/}}
}

@misc{allen2016sovrin,
  title={The Sovrin Network: A Vision for the Future of Identity},
  author={Allen, Christopher and others},
  year={2016},
  note={\url{https://sovrin.org/library/sovrin-protocol-and-token-white-paper/}}
}


@misc{metamaskdocs,
  title={MetaMask Developer Documentation},
  author={MetaMask},
  note={\url{https://docs.metamask.io/}},
  year={2021}
}

@inproceedings{grishchenko2018semantic,
  title={A Semantic Framework for the Security Analysis of Ethereum Smart Contracts},
  author={Grishchenko, Ilya and Maffei, Matteo and Schneidewind, Clara},
  booktitle={International Conference on Principles of Security and Trust},
  pages={243--269},
  year={2018},
  organization={Springer}
}

@article{wust2016ethereum,
  title={Ethereum Eclipse Attacks},
  author={W{\"u}st, Karl and Gervais, Arthur},
  year={2016},
  journal={Available at \url{https://eprint.iacr.org/2016/1000.pdf}}
}

@article{zhou2020empirical,
  title={An Empirical Study on Gas Consumption of Ethereum Smart Contracts},
  author={Zhou, Wenting and Kumar, Dhirendra},
  journal={arXiv preprint arXiv:2006.05734},
  year={2020}
}

@misc{truffle,
  title={Truffle Suite},
  author={Truffle},
  note={\url{https://www.trufflesuite.com/}},
  year={2021}
}

@misc{hardhat,
  title={Hardhat Ethereum Development Environment},
  author={Nomic Labs},
  note={\url{https://hardhat.org/}},
  year={2021}
}

@misc{openzeppelin,
  title={OpenZeppelin: Secure Smart Contract Library},
  author={OpenZeppelin},
  note={\url{https://openzeppelin.com/contracts/}},
  year={2021}
}

@misc{thegraph,
  title={The Graph: API for Building DApps Quickly},
  author={The Graph},
  note={\url{https://thegraph.com/}},
  year={2021}
}

@article{werner2021sok,
  title={SoK: Decentralized Finance (DeFi)},
  author={Werner, Simon and Perez, David and Gudgeon, Lewis and Klages-Mundt, Ariah and Harz, Dominic and Gervais, Arthur},
  journal={arXiv preprint arXiv:2101.08778},
  year={2021}
}

@misc{nfts2020,
  title={Non-Fungible Tokens (NFTs): A General Overview},
  author={Various},
  note={\url{https://opensea.io/blog/guides/non-fungible-tokens/}},
  year={2020}
}

@article{zhang2019survey,
  title={A Survey of Blockchain-Based Voting Systems},
  author={Zhang, Ran and Xue, Rui and Liu, Ling},
  journal={IEEE Access},
  volume={7},
  pages={174166--174188},
  year={2019},
  publisher={IEEE}
}

@article{gudgeon2020defi,
  title={Defi Protocol Risks: The Paradox of DeFi},
  author={Gudgeon, Lewis and Perez, David and Harz, Dominic and Livshits, Benjamin and Gervais, Arthur},
  journal={arXiv preprint arXiv:2009.14021},
  year={2020}
}

@article{wu2021defi,
  title={Defi: The Decentralized Financial System},
  author={Wu, L. and Tran, N. K. and Yuce, B.},
  journal={IEEE Technology and Engineering Management Conference},
  pages={1--5},
  year={2021}
}

@inproceedings{mavridou2019verisolid,
  title={VeriSolid: Correct-by-Design Smart Contracts for Ethereum},
  author={Mavridou, Anastasia and Laszka, Aron},
  booktitle={Proceedings of the 24th ACM SIGSOFT International SPIN Symposium on Model Checking of Software},
  pages={13--22},
  year={2019}
}

@book{dannen2017introducing,
  title={Introducing Ethereum and Solidity},
  author={Dannen, Chris},
  year={2017},
  publisher={Apress}
}


@inproceedings{he2018blockchain,
  title={When Blockchain Meets Distributed File Systems: An Overview, Challenges, and Open Issues},
  author={He, Dajiang and Chan, Sammy and Guizani, Mohsen},
  booktitle={2018 IEEE Global Communications Conference (GLOBECOM)},
  pages={1--6},
  year={2018},
  organization={IEEE}
}

@article{belchior2021survey,
  title={A Survey on Blockchain Interoperability: Past, Present, and Future Trends},
  author={Belchior, Rafael and Putz, Benjamin and Vasconcelos, M{\'a}rio and Correia, Miguel},
  journal={arXiv preprint arXiv:2005.14282},
  year={2021}
}

@misc{cameron2005laws,
  title={The Laws of Identity},
  author={Cameron, Kim},
  year={2005},
  note={\url{https://www.identityblog.com/stories/2005/05/13/TheLawsOfIdentity.pdf}}
}

@inproceedings{mavridou2018tool,
  title={A Tool for Optimizing Smart Contract Development},
  author={Mavridou, Anastasia and Laszka, Aron},
  booktitle={2018 IEEE International Conference on Blockchain},
  pages={405--410},
  year={2018},
  organization={IEEE}
}

@misc{buterin2014next,
  title={A Next-Generation Smart Contract and Decentralized Application Platform},
  author={Buterin, Vitalik},
  year={2014},
  note={White Paper, \url{https://ethereum.org/en/whitepaper/}}
}

@book{finck2018blockchain,
  title={Blockchain Regulation and Governance in Europe},
  author={Finck, Mich{\`e}le},
  year={2018},
  publisher={Cambridge University Press}
}

@misc{wood2019polkadot,
  title={Polkadot: Vision for a Heterogeneous Multi-Chain Framework},
  author={Wood, Gavin},
  year={2016},
  note={White Paper, \url{https://polkadot.network/PolkaDotPaper.pdf}}
}
